@article{opencv_library,
	author = {Bradski, G.},
	citeulike-article-id = {2236121},
	journal = {Dr. Dobb's Journal of Software Tools},
	keywords = {bibtex-import},
	posted-at = {2008-01-15 19:21:54},
	priority = {4},
	title = {{The OpenCV Library}},
	year = {2000}
}

@article{hog:article,
	title = {{Histograms of Oriented Gradients for Human Detection}},
	author = {Navneet Dalal and Bill Triggs},
	journal = {CVPR},
	pages = {886--893},
	volume = {I},
	year = {2005}
}

@article{sift:article,
	title = {{Distinctive Image Features from Scale-Invariant Keypoints}},
	author = {Lowe, D. G.},
	journal = {International Journal of Computer Vision},
	pages = {91--110},
	year = {2004},
	volume = {60},
	number = {2}
	}

@article{facerec_survey,
	title = {{Face Recognition: A Literature Survey}},
	author = {W. Zhao and R. Chellappa and A. Rosenfeld and P.J. Phillips},
	journal = {ACM Computing Surveys},
	year = {2003},
	pages = {399--458}
}

@article{stonefly:article,
	title = {{Automated processing and identification of benthic invertebrate samples}},
	author = {Lytle, D. A. and Martinez-Munoz G. and Zhang, W. and Larios, N. and Shapiro, L. and Paasch, R. and Moldenke, A. and Mortensen, E. A. and Todorovic, S. and Dietterich, T. G.},
	journal = {Journal of the North American Benthological Society},
	year = {2010},
	pages = {867--874},
	volume = {29},
	number = {3}
}

@book{automated_taxon:book,
	author = {Natural History Museum {London, UK}},
	editor = {Norman MacLeod},
	title = {{Automated Taxon Identification in Systematics: Theory, Approaches and Applications}},
	publisher = {CRC Press},
	year = {2007},
	isbn = "0-8493-8205-X"
}